@inproceedings{CDGJKU2019,
  author    = {David Carral and Irina Dragoste and Larry Gonz{\'{a}}lez and
               Ceriel Jacobs and Markus Kr{\"{o}}tzsch and Jacopo Urbani},
  title     = {VLog: A Rule Engine for Knowledge Graphs},
  editor    = {Chiara Ghidini and Olaf Hartig and Maria Maleshkova and
               Vojt{\v{e}}ch Sv{\'{a}}tek and Isabel F. Cruz and Aidan Hogan and
               Jie Song and Maxime Lefran{\c{c}}ois and Fabien Gandon},
  booktitle = {Proceedings of the 18th International Semantic Web Conference
               (ISWC'19) Part {II}},
  series    = {LNCS},
  volume    = {11779},
  publisher = {Springer},
  year      = {2019},
  month     = {October}
}

@article{DBLP:journals/corr/GebserKKS14,
  author = {Gebser, Martin and Kaminski, Roland and Kaufmann, Benjamin and Schaub, Torsten},
  title = {Clingo = {ASP} + Control: Preliminary Report},
  journal = {CoRR},
  volume = {abs/1405.3694},
  year = {2014}
}

@article{DBLP:journals/corr/GebserKKS17,
  author = {Gebser, Martin and Kaminski, Roland and Kaufmann, Benjamin and Schaub, Torsten},
  title = {Multi-shot {ASP} solving with clingo},
  journal = {CoRR},
  volume = {abs/1705.09811},
  year = {2017}
}

@MISC{PCBT2014,
  author={Eric Prud'hommeaux and Gavin Carothers and David Beckett and Tim Berners-Lee},
  title={RDF 1.1 Turtle},
  year={2014},
  howpublished={\\\url{https://www.w3.org/TR/turtle/}}
}

@MISC{KSWRB2014,
  author={Roland Kaminski and Torsten Schaub and Philipp Wanko and Javier Romero and bartbog},
  title={Potassco guide version 2.2.0},
  year={2019},
  howpublished={\\\url{https://github.com/potassco/guide/releases/tag/v2.2.0}}
}

@MISC{PS2008,
  author={Eric Prud'hommeaux and Andy Seaborne},
  title={SPARQL Query Language for RDF},
  year={2008},
  howpublished={\\\url{https://www.w3.org/TR/rdf-sparql-query/}}
}

@MISC{MPSPBFHHIRSS2012,
  author={Boris Motik and Peter F. Patel-Schneider and Bijan Parsia and Conrad Bock and Achille Fokoue and Peter Haase and Rinke Hoekstra and Ian Horrocks and Alan Ruttenberg and Uli Sattler and Michael Smith},
  title={OWL 2 Web Ontology Language
Structural Specification and Functional-Style Syntax (Second Edition)},
  year={2012},
  howpublished={\\\url{https://www.w3.org/TR/owl2-syntax/#Ontology_IRI_and_Version_IRI}}
}

@MISC{MG2020,
  author={Maximilian Marx and Larry Gonz{\'{a}}lez},
  title={Rule syntax grammar},
  year={2020},
  howpublished={\\\url{https://github.com/knowsys/rulewerk/wiki/Rule-syntax-grammar}}
}

@MISC{K2019,
  author={Markus Kr{\"{o}}tzsch},
  title={Rules for Querying Graphs},
  year={2019},
  howpublished={\\\url{https://github.com/knowsys/rulewerk/wiki/Rule-syntax-grammar}} 
}

@MISC{K2018,
  author={Markus Kr{\"{o}}tzsch},
  title={The chase},
  year={2018},
  howpublished={\\\url{https://iccl.inf.tu-dresden.de/w/images/c/cc/DBT2018-Lecture-19-overlay.pdf}} 
}

@MISC{G2019,
  author={Sarah Alice Gaggl},
  title={ASP 1},
  year={2019},
  howpublished={\\\url{https://iccl.inf.tu-dresden.de/w/images/b/b8/PSSAI2019_L6.pdf}} 
}


@MISC{B2020,
  author={Steffen Breuer},
  title={BA2020resources},
  year={2019},
  howpublished={\\\url{https://github.com/StBreuer/BA2020_resources}} 
}

@article{article,
author = {Guo, Yuanbo and Pan, Zhengxiang and Heflin, Jeff},
year = {2005},
month = {10},
pages = {158-182},
title = {LUBM: a benchmark for OWL knowledge base systems},
volume = {3},
journal = {Web Semantics: Science, Services and Agents on the World Wide Web},
doi = {10.1016/j.websem.2005.06.005}
}






